@misc{b1,
    author = {PWC's},
    title = {Perspectives from the Global Entertainment and Media Outlook 2023–2027},
    howpublished = {\url{https://www.pwc.com/gx/en/industries/tmt/media/outlook/insights-and-perspectives.html}},
    note = {last access on May 30, 2024}
}

@misc{b2,
    author = {Social Cinema},
    title = {The Impact of Streaming Services on the Movie Industry},
    howpublished = {\url{https://motionpicture.edu/socialcinema/2023/06/19/the-impact-of-streaming-services-on-the-movie-industry/}},
    note = {last access on May 30, 2024}
}

@book{b3,
    author={Kenneth C. Laudon and Jane P. Laudon},
    title={Sistemas de Informações Gerenciais},
    year={2007},
    edition={7},
    volume={},
    address={},
    publisher={Pearson Education},
    pages={}
}

@article{b4,
    author={João Eduardo Hidalgo},
    title={A história da criação audiovisual revalorizada pelas plataformas de streaming},
    journal={Comunicação e Inovação: impactos, experiências e contribuições em pesquisa},
    year={2023},
    volume={},
    number={},
    pages={8--22}
}

@misc{b5,
    author = {Alex Zambelli},
    title = {A history of media streaming and the future of connected TV},
    howpublished = {\url{https://www.theguardian.com/media-network/media-network-blog/2013/mar/01/history-streaming-future-connected-tv}},
    note = {last access on May 30, 2024}
}

@mastersthesis{b6,
 address={São Paulo},
 author={José Luiz Maturana Pagnossim},
 pages={120},
 pagename={},
 school={Escola de Artes, Ciências e Humanidades da Universidade de São Paulo},
 title={Uma abordagem híbrida para sistemas de recomendação de notícias},
 subtitle={},
 type={Mestrado},
 year={2018}}

@mastersthesis{b7,
 address={São Paulo},
 author={Marcos M. Takahashi},
 pages={50},
 pagename={},
 school={Instituto de Matemática e Estatística da Universidade de São Paulo},
 title={Estudo comparativo de Algoritmos de Recomendação},
 type={Monografia},
 year={2015}
}

@misc{b8,
    author = {Claudia Lage Rebello da Motta and Ana Cristina Bicharra Garcia and Adriana Santarosa Vivacqua and Flávia Maria Santoro and Jonice de Oliveira Sampaio},
    title = {Sistemas de Recomendação},
    howpublished = {\url{https://sistemascolaborativos.uniriotec.br/sistemas-de-recomendacao/}},
    note = {last access on May 30, 2024}
}

@misc{b9,
    author = {Spotify},
    title = {Ajuda com o App},
    howpublished = {\url{https://support.spotify.com/br-pt/category/app-help/}},
    note = {last access on May 31, 2024}
}

@article{b10,
    author={Michael Porter},
    title={As cinco forças competitivas que moldam a estratégia},
    journal={Harvard Business Review}
}

@misc{b11,
    author = {BBC},
    title = {Entenda o escândalo de uso político de dados que derrubou valor do Facebook e o colocou na mira de autoridades},
    howpublished = {\url{https://www.bbc.com/portuguese/internacional-43461751}},
    note = {last access on May 31, 2024} 
}

@misc{b12,
    author = {Governo Federal},
    title = {LEI Nº 13.709, DE 14 DE AGOSTO DE 2018},
    howpublished = {\url{https://www.planalto.gov.br/ccivil_03/_ato2015-2018/2018/lei/l13709.htm}},
    note = {last access on May 31, 2024} 
}

@misc{b13,
    author = {Paola Bueno},
    title = {O aumento de Data Centers pelo mundo tem causado um grande impacto negativo no meio ambiente!},
    howpublished = {\url{https://www.tempo.com/noticias/actualidade/o-aumento-de-data-centers-pelo-mundo-tem-causado-um-grande-impacto-negativo-no-meio-ambiente.html}},
    note = {last access on May 31, 2024} 
}

@book{b14,
    author={Eli Pariser},
    title={O filtro invisível: O que a internet está escondendo de você},
    year={2012},
    edition={1},
    volume={},
    address={},
    publisher={Zahar},
    pages={}
}


